%% This BibTeX bibliography file was created using BibDesk.
%% https://bibdesk.sourceforge.io/

%% Created for Tapio Schneider at 2018-09-12 22:46:45 -0700 


%% Saved with string encoding Unicode (UTF-8) 



@article{Schneider17c,
	Author = {T. Schneider and S. Lan and A. Stuart and J. Teixeira},
	Doi = {10.1002/2017GL076101},
	Journal = {Geophys. Res. Lett.},
	Pages = {12396--12417},
	Title = {Earth System Modeling 2.0: A Blueprint for Models That Learn From Observations and Targeted High-Resolution Simulations},
	Volume = {44},
	Year = {2017}}


@article{Kennedy01a,
	Author = {Kennedy, Marc C and O'Hagan, Anthony},
	Journal = {J. Roy. Statist. Soc. B},
	Pages = {425--464},
	Title = {Bayesian calibration of computer models},
	Volume = {63},
	Year = {2001}}

@article{OHagan06a,
	Author = {A. O'Hagan},
	Journal = {Reliability Eng. Sys. Safety},
	Pages = {1290--1300},
	Title = {Bayesian analysis of computer code outputs: A tutorial},
	Year = {2006}}
	
	
@article{Schneider17a,
	Author = {Tapio Schneider and Joao Teixeira and Christopher S. Bretherton and Florent Brient and Kyle G. Pressel and Christoph Sch{\"a}r and A. Pier Siebesma},
	Journal = {Nature Climate Change},
	Pages = {3--5},
	Title = {Climate goals and computing the future of clouds},
	Volume = {7},
	Year = {2017}}


@article{Palmer98a,
	Author = {T. N. Palmer and R. Gelaro and J. Barkmeijer and R. Buizza},
	Journal = {J. Atmos. Sci.},
	Pages = {633--653},
	Title = {Singular Vectors, Metrics, and Adaptive Observations},
	Volume = 55,
	Year = 1998}


@article{Lorenz98a,
	Author = {E. N. Lorenz and K. A. Emanuel},
	Journal = {J. Atmos. Sci.},
	Pages = {399--414},
	Title = {Optimal Sites for Supplementary Weather Observations: Simulation with a Small Model},
	Volume = {55},
	Year = {1998}}


@article{LEcuyer15a,
	Author = {L'Ecuyer, Tristan S and Beaudoing, Hiroko K and Rodell, Matthew and Olson, W and Lin, B and Kato, S and Clayson, Carol A and Wood, E and Sheffield, Justin and Adler, Robert and others},
	Journal = {J. Climate},
	Pages = {8319--8346},
	Title = {The observed state of the energy budget in the early twenty-first century},
	Volume = {28},
	Year = {2015}}


@article{Stephens02a,
	Author = {Stephens, Graeme L and Vane, Deborah G and Boain, Ronald J and Mace, Gerald G and Sassen, Kenneth and Wang, Zhien and Illingworth, Anthony J and O'Connor, Ewan J and Rossow, William B and Durden, Stephen L and Miller, Steven D. and Austin, Richard T. and Benedetti, Angela and Mitrescu, Cristian and {the CloudSat Science Team}},
	Journal = {Bull. Amer. Meteor. Soc.},
	Pages = {1771--1790},
	Title = {The {CloudSat} mission and the {A}-Train},
	Volume = {83},
	Year = {2002}}


@article{Jiang12a,
	Author = {Jonathan H. Jiang and Hui Su and Chengxing Zhai and Vincent S. Perun and Anthony Del Genio and Larissa S. Nazarenko and Leo J. Donner and Larry Horowitz and Charles Seman and Jason Cole and Andrew Gettelman and Mark A. Ringer and Leon Rotstayn and Stephen Jeffrey and Tongwen Wu and Florent Brient and Jean-Louis Dufresne and Hideaki Kawai and Tsuyoshi Koshiro and Masahiro Watanabe and Tristan S. L{\'E}cuyer and Evgeny M. Volodin and Trond Iversen and Helge Drange and Michel D. S. Mesquita and William G. Read and Joe W. Waters and Baijun Tian and Joao Teixeira and Graeme L. Stephens},
	Journal = {J. Geophys. Res.},
	Pages = {D14105},
	Title = {Evaluation of cloud and water vapor simulations in {CMIP5} climate models using {NASA} {``A-Train''} satellite observations},
	Volume = {117},
	Year = {2012}}


@article{Stephens18a,
	Author = {G. Stephens and D. Winker and J. Pelon and C. Trepte and D. Vane and C. Yuhas and T. L'Ecuyer and M. Lebsock},
	Journal = {Bull. Amer. Meteor. Soc.},
	Pages = {569--581},
	Title = {{CloudSat} and {CALIPSO} within the {A}-{T}rain: {T}en years of actively observing the {E}arth system},
	Volume = {99},
	Year = {2018}}


@article{Simmons16a,
	Author = {Simmons, Adrian and Fellous, Jean-Louis and Ramaswamy, Venkatachalam and Trenberth, Kevin and Asrar, Ghassem and Balmaseda, Magdalena and Burrows, John P and Ciais, Philippe and Drinkwater, Mark and Friedlingstein, Pierre and Gobron, Nadine and Guilyardi, Eric and Halpern, David and Heimann, Martin and Johannessen, Johnny and Levelt, Pieternel F. and Lopez-Baeza, Ernesto and Penner, Joyce and Scholes, Robert and Shepherd, Ted},
	Journal = {Adv. Space Res.},
	Pages = {2037--2103},
	Title = {Observation and integrated {E}arth-system science: A roadmap for 2016--2025},
	Volume = {57},
	Year = {2016}}

@article{Wilson14a,
	Author = {Greg Wilson and D.A. Aruliah and C. Titus Brown and Neil P. Chue Hong and Matt Davis and Richard T. Guy and Steven H. D. Haddock and Kathryn D. Huff and Ian M. Mitchell and Mark D. Plumbley and Ben Waugh and Ethan P. White and Paul Wilson},
	Journal = {PLoS Biology},
	Pages = {e1001745},
	Title = {Best Practices for Scientific Computing},
	Volume = {12},
	Year = {2014}}

