@article{Romps08a,
	Author = {D. M. Romps},
	Journal = {Journal of the Atmospheric Sciences},
	Pages = {3779--3799},
	Title = {The Dry-Entropy Budget of a Moist Atmosphere},
	Volume = {65},
	Year = {2008},
	doi={10.1175/2008JAS2679.1},
}

@article{OGorman2018using,
  title={Using Machine Learning to Parameterize Moist Convection: Potential for Modeling of Climate, Climate Change, and Extreme Events},
  author={O'Gorman, Paul A and Dwyer, John G},
  journal={Journal of Advances in Modeling Earth Systems},
  volume={10},
  number={10},
  pages={2548--2563},
  year={2018},
  doi={10.1029/2018MS001351},
}


@article{hochreiter1997long,
  title={Long Short-Term Memory},
  author={Hochreiter, Sepp and Schmidhuber, J{\"u}rgen},
  journal={Neural computation},
  volume={9},
  number={8},
  pages={1735--1780},
  year={1997},
  doi={10.1162/neco.1997.9.8.1735},
}

@book{Mardia79,
	Address = {San Diego, CA},
	Author = {K. V. Mardia and J. T. Kent and J. M. Bibby},
	Publisher = {Academic Press},
	Series = {Series in Probability and Mathematical Statistics},
	Title = {Multivariate Analysis},
	Year = 1979}

@article{Thuburn18a,
	Author = {J. Thuburn and H. Weller and G. K. Vallis and R. J. Beare and M. Whitall},
	Journal = {Journal the of the Atmospheric Sciences},
	Pages = {965--981},
	Title = {A Framework for Convection and Boundary Layer Parameterization Derived from Conditional Filtering},
	Volume = {75},
	Year = {2018},
	doi={10.1175/JAS-D-17-0130.1},
}
	
@article{larson2019momentum,
  title={Momentum Transport in Shallow Cumulus Clouds and its Parameterization by Higher-Order Closure},
  author={Larson, Vincent E and Domke, Steffen and Griffin, Brian M},
  journal={Journal of Advances in Modeling Earth Systems},
  year={2019},
  doi={10.1029/2019MS001743},
}


@article{Caldwell18a,
	Author = {Peter M. Caldwell and Mark D. Zelinka and Stephen A. Klein},
	Journal = {Journal of Climate},
	Pages = {3921--3942},
	Title = {Evaluating Emergent Constraints on Equilibrium Climate Sensitivity},
	Volume = {31},
	Year = {2018},
	doi={10.1175/JCLI-D-17-0631.1},
}

@article{Ceppi17a,
	Author = {P. Ceppi and F. Brient and M. D. Zelinka and D. L. Hartmann},
	Journal = {Wiley Interdisciplinary Reviews: Climate Change},
	Title = {Cloud Feedback Mechanisms and Their Representation in Global Climate Models},
	Volume = {e465},
	Year = {2017},
	doi={10.1002/wcc.465},
}

@article{Hourdin17a,
	Author = {Hourdin, Frederic and Mauritsen, Thorsten and Gettelman, Andrew and Golaz, Jean-Christophe and Balaji, Venkatramani and Duan, Qingyun and Folini, Doris and Ji, Duoying and Klocke, Daniel and Qian, Yun and Rauser, Florian and Rio, Catherine and Tomassini, Lorenzo and Watanabe, Masahiro and Williamson, Daniel},
	Journal = {Bulletin of the American Meteorological Society},
	Pages = {589--602},
	Title = {The Art and Science of Climate Model Tuning},
	Volume = {98},
	Year = {2017},
	doi={BAMS-D-15-00135.1},
}

@article{Schmidt17a,
	Author = {Gavin A. Schmidt and David Bader and Leo J. Donner and Gregory S. Elsaesser and Jean-Christophe Golaz and Cecile Hannay and Andrea Molod and Rich Neale and Suranjana Saha},
	Journal = {Geoscientific Model Development},
	Pages = {3207--3223},
	Title = {Practice and Philosophy of Climate Model Tuning Across Six U.S. Modeling Centers},
	Volume = {10},
	Year = {2017}, 
	doi={10.5194/gmd-10-3207-2017},
}

@article{Stevens19a,
	Author = {Bjorn Stevens and Masaki Satoh and Ludovic Auger and Joachim Biercamp and Christopher S. Bretherton and Xi Chen and Peter D{\"u}ben and Falko Judt and Marat Khairoutdinov and Daniel Klocke and Chihiro Kodama and Luis Kornblueh and Shian-Jiann Lin and Philipp Neumann and William M. Putman and Niklas R{\"o}ber and Ryosuke Shibuya and Benoit Vanniere and Pier Luigi Vidale and Nils Wedi and Linjiong Zhou },
	Journal = {Progress in Earth and Planetary Science},
	Pages = {61},
	Title = {{DYAMOND}: the {DY}namics of the {A}tmospheric general circulation {M}odeled On {N}on-hydrostatic {D}omains},
	Volume = {6},
	Year = {2019},
	doi={10.1186/s40645-019-0304-z},
}
	
@article{raymond1986stochastic,
  title={A Stochastic Mixing Model for Nonprecipitating Cumulus Clouds},
  author={Raymond, David J and Blyth, Alan M},
  journal={Journal of the Atmospheric Sciences},
  volume={43},
  number={22},
  pages={2708--2718},
  year={1986},
  doi={10.1175/1520-0469(1986)043<2708:ASMMFN>2.0.CO;2},
}

@article{kain2004kain,
  title={The Kain--Fritsch Convective Parameterization: an Update},
  author={Kain, John S},
  journal={Journal of Applied Meteorology},
  volume={43},
  number={1},
  pages={170--181},
  year={2004},
  doi={10.1175/1520-0450(2004)043<0170:TKCPAU>2.0.CO;2},
}
@article{morton1956turbulent,
  title={Turbulent Gravitational Convection from Maintained and Instantaneous Sources},
  author={Morton, BR and Taylor, Geoffrey Ingram and Turner, John Stewart},
  journal={Proceedings of the Royal Society of London. Series A. Mathematical and Physical Sciences},
  volume={234},
  number={1196},
  pages={1--23},
  year={1956},
  doi={10.1098/rspa.1956.0011},
}

@article{tan2018extended,
  title={An Extended Eddy-Diffusivity Mass-Flux Scheme for Unified Representation of Subgrid-Scale Turbulence and Convection},
  author={Tan, Zhihong and Kaul, Colleen M and Pressel, Kyle G and Cohen, Yair and Schneider, Tapio and Teixeira, Jo{\~a}o},
  journal={Journal of Advances in Modeling Earth Systems},
  volume={10},
  pages={770--800},
  year={2018},
  doi={10.1002/2017MS001162},
}
    
@article{Suselj14a,
	Author = {K. Suselj and T. F. Hogan and J. Teixeira},
	Journal = {Weather and Forecasting},
	Pages = {1374--1390},
	Title = {Implementation of a Stochastic Eddy-Diffusivity/Mass-Flux Parameterization into the {N}avy {G}lobal {E}nvironmental {M}odel},
	Volume = {29},
	Year = {2014}, 
	doi={10.1175/WAF-D-14-00043.1},
}

@article{Suselj13a,
  title={A Unified Model for Moist Convective Boundary Layers Based on a Stochastic Eddy-Diffusivity/Mass-Flux Parameterization},
  author={Su{\v{s}}elj, Kay and Teixeira, Jo{\~a}o and Chung, Daniel},
  journal={Journal of the Atmospheric Sciences},
  volume={70},
  number={7},
  pages={1929--1953},
  year={2013},
  doi={10.1175/JAS-D-12-0106.1},
}

@article{tian2016dependence,
  title={Dependence of Entrainment in Shallow Cumulus Convection on Vertical Velocity and Distance to Cloud Edge},
  author={Tian, Yang and Kuang, Zhiming},
  journal={Geophysical Research Letters},
  volume={43},
  number={8},
  pages={4056--4065},
  year={2016},
  doi={10.1002/2016GL069005},
}

@article{Romps16a,
	Author = {D. M. Romps},
	Journal = {Journal of Advances in Modeling Earth Systems},
	Pages = {319--344},
	Title = {The stochastic parcel model: A Deterministic Parameterization of stochastically entraining convection},
	Volume = {8},
	Year = {2016},
    Doi = {10.1002/2015MS000537}}

@inproceedings{Neggers12b,
	Author = {R. Neggers},
	BookTitle = {{ECMWF Workshop on Parametrization of Clouds and Precipitation}},
	Date-Added = {2017-01-10 21:46:16 +0000},
	Date-Modified = {2017-01-10 21:46:49 +0000},
	Title = {Humidity-Convection Feedbacks in a Mass Flux Scheme Based on Resolved Size Densities},
	Year = {2012},
}

@article{Gregory2001,
	Author = {D. Gregory},
	Journal = {Quarterly Journal of the Royal Meteorological Society},
	Pages = {53--72},
	Title = {Estimation of Entrainment Rate in Simple Models of Convective Clouds},
	Volume = {127},
	Year = {2001},
    Doi = {10.1002/qj.49712757104}}

@article{Schneider17a,
	Author = {Tapio Schneider and Joao Teixeira and Christopher S. Bretherton and Florent Brient and Kyle G. Pressel and Christoph Sch{\"a}r and A. Pier Siebesma},
	Date-Added = {2017-01-04 22:01:22 +0000},
	Date-Modified = {2017-01-04 22:05:04 +0000},
	Doi = {10.1038/nclimate3190},
	Journal = {Nature Climate Change},
	Pages = {3--5},
	Title = {Climate goals and computing the future of clouds},
	Volume = {7},
	Year = {2017}}
	
@article{neggers2007impact,
  title={Impact Mechanisms of Shallow Cumulus Convection on Tropical Climate Dynamics},
  author={Neggers, Roel AJ and Neelin, J David and Stevens, Bjorn},
  journal={Journal of Climate},
  volume={20},
  number={11},
  pages={2623--2642},
  year={2007}, 
  doi={10.1175/JCLI4079.1},
}

@article{Brient16a,
	Author = {Florent Brient and Tapio Schneider and Zhihong Tan and Sandrine Bony and Xin Qu and Alex Hall},
	Journal = {Climate Dynamics},
	Pages = {433--449},
	Title = {Shallowness of Tropical Low Clouds as a Predictor of Climate Models' Response to Warming},
	Volume = {47},
	Year = {2016},
	doi={10.1007/s00382-015-2846-0},
}

@article{Brient16b,
	Author = {F. Brient and T. Schneider},
	Journal = {Journal of Climate},
	Pages = {5821--5835},
	Title = {Constraints on Climate Sensitivity From Space-Based Measurements of Low-Cloud Reflection},
	Volume = {29},
	Year = {2016},
	doi={/10.1175/JCLI-D-15-0897.1},
}

@article{efstathiou2020diagnosing,
  title={Diagnosing Coherent Structures in the Convective Boundary Layer by Optimizing Their Vertical Turbulent Scalar Transfer},
  author={Efstathiou, Georgios A and Thuburn, John and Beare, Robert J},
  journal={Boundary-Layer Meteorology},
  volume={174},
  number={1},
  pages={119--144},
  year={2020},
  doi={10.1007/s10546-019-00480-1},
}

@article{Holland73a,
  title={Measurements of the atmospheric mass, energy, and momentum budgets over a 500-kilometer square of tropical ocean},
  author={Holland, JOSHUA Z and Rasmusson, EUGENE M},
  journal={Monthly Weather Review},
  volume={101},
  number={1},
  pages={44--57},
  year={1973},
  doi={10.1175/1520-0493(1973)101<0044:MOTAME>2.3.CO;2},
}

@article{holtslag2013stable,
  title={Stable Atmospheric Boundary Layers and Diurnal Cycles: Challenges for Weather and Climate Models},
  author={Holtslag, AAM and Svensson, Gunilla and Baas, P and Basu, S and Beare, B and Beljaars, ACM and  et al.},
  journal={Bulletin of the American Meteorological Society},
  volume={94},
  number={11},
  pages={1691--1706},
  year={2013},
  doi={10.1175/BAMS-D-11-00187.1},
}

@article{suselj2019factors,
  title={On the Factors Controlling the Development of Shallow Convection in Eddy-Diffusivity/Mass-Flux Models},
  author={Suselj, Kay and Kurowski, Marcin J and Teixeira, Jo{\~a}o},
  journal={Journal of the Atmospheric Sciences},
  volume={76},
  number={2},
  pages={433--456},
  year={2019},
  doi={10.1175/JAS-D-18-0121.1},
}

@article{boing2012detrainment,
  title={Detrainment in Deep Convection},
  author={B{\"o}ing, SJ and Siebesma, AP and Korpershoek, JD and Jonker, Harm JJ},
  journal={Geophysical Research Letters},
  volume={39},
  number={20},
  year={2012},
  doi={10.1029/2012GL053735},
}

@article{savre2019general,
  title={A General Description of Entrainment in Buoyant Cloudy Plumes Including the Effects of Mixing-Induced Evaporation},
  author={Savre, Julien and Herzog, Michael},
  journal={Journal of the Atmospheric Sciences},
  volume={76},
  number={2},
  pages={479--496},
  year={2019},
  doi={10.1175/JAS-D-17-0326.1},
}

@article{de2010analytical,
  title={Analytical Expressions for Entrainment and Detrainment in Cumulus Convection},
  author={de Rooy, Wim C and Siebesma, Pier A},
  journal={Quarterly Journal of the Royal Meteorological Society},
  volume={136},
  number={650},
  pages={1216--1227},
  year={2010},
  doi={/10.1002/qj.640},
}

@article{bechtold2014representing,
  title={Representing Equilibrium and Nonequilibrium Convection in Large-Scale Models},
  author={Bechtold, Peter and Semane, Noureddine and Lopez, Philippe and Chaboureau, Jean-Pierre and Beljaars, Anton and Bormann, Niels},
  journal={Journal of the Atmospheric Sciences},
  volume={71},
  number={2},
  pages={734--753},
  year={2014},
  doi={10.1175/JAS-D-13-0163.1},
}

@article{arakawa1974interaction,
  title={Interaction of a Cumulus Cloud Ensemble with the Large-Scale Environment, Part I},
  author={Arakawa, Akio and Schubert, Wayne Howard},
  journal={Journal of the Atmospheric Sciences},
  volume={31},
  number={3},
  pages={674--701},
  year={1974},
  doi={10.1175/1520-0469(1974)031<0674:IOACCE>2.0.CO;2},
}

@inproceedings{Siebesma2000a,
   author = {Siebesma, A Pier and Teixeira, J},
   Title = {An Advection-Diffusion Scheme for the Convective Boundary Layer: Description and {1D} Results},
   bookTitle = {{American Meteorological Society, 14th Symposium on Boundary Layers and Turbulence}},
   pages = {133--136},
   year = {2000},
   type = {Conference Proceedings}
}
@article{weller2019numerical,
  title={Numerical solution of the conditionally averaged equations for representing net mass flux due to convection},
  author={Weller, Hilary and McIntyre, William A},
  journal={Quarterly Journal of the Royal Meteorological Society},
  volume={145},
  number={721},
  pages={1337--1353},
  year={2019},
  doi={doi.org/10.1002/qj.3490},
}

@article{wu2020parameterization,
  title={On the Parameterization of Convective Downdrafts for Marine Stratocumulus Clouds},
  author={Wu, Elynn and Yang, Handa and Kleissl, Jan and Suselj, Kay and Kurowski, Marcin},
  journal={Monthly Weather Review},
  year={2020},
  doi={10.1175/MWR-D-19-0292.1},
}

@article{soares2004eddy,
  title={An Eddy-Diffusivity/Mass-Flux Parametrization for Dry and Shallow Cumulus Convection},
  author={Soares, PMM and Miranda, PMA and Siebesma, AP and Teixeira, J},
  journal={Quarterly Journal of the Royal Meteorological Society},
  volume={130},
  number={604},
  pages={3365--3383},
  year={2004},
  doi={10.1256/qj.03.223},
}

@article{asai1967theoretical,
  title={A Theoretical Study of the Compensating Downward Motions Associated with Cumulus Clouds},
  author={Asai, Tomio and Kasahara, Akira},
  journal={Journal of the Atmospheric Sciences},
  volume={24},
  number={5},
  pages={487--496},
  year={1967},
  doi={10.1175/1520-0469(1967)024<0487:ATSOTC>2.0.CO;2},
}

@article{kuo1962controlling,
  title={On the Controlling Influences of Eddy Diffusion on Thermal Convection},
  author={Kuo, HL},
  journal={Journal of the Atmospheric Sciences},
  volume={19},
  number={3},
  pages={236--243},
  year={1962},
  doi={10.1175/1520-0469(1962)019<0236:OTCIOE>2.0.CO;2},
}

@article{Siebesma07,
   author = {Siebesma, A Pier and Soares, P. M. M. and Teixeira, J.},
   title = {A Combined Eddy-Diffusivity Mass-Flux Approach for the Convective Boundary Layer},
   journal = {Journal of the Atmospheric Sciences},
   volume = {64},
   Number1 = {4},
   pages = {1230--1248},
   ISSN = {0022-4928},
   year = {2007},
   doi={10.1175/JAS3888.1},
}

@article{Sommeria77a,
   author = {{Sommeria}, G. and {Deardorff}, J.~W.},
    title = {Subgrid-Scale Condensation in Models of Nonprecipitating Clouds},
  journal = {Journal of the Atmospheric Sciences},
     year = 1977,
    month = feb,
   volume = 34,
    pages = {344--355},
      doi = {10.1175/1520-0469(1977)034$<$0344:SSCIMO$>$2.0.CO;2},
}

@article{rasp2018deep,
  title={Deep Learning to Represent Subgrid Processes in Climate Models},
  author={Rasp, Stephan and Pritchard, Michael S and Gentine, Pierre},
  journal={Proceedings of the National Academy of Sciences},
  volume={115},
  number={39},
  pages={9684--9689},
  year={2018},
  doi={10.1073/pnas.1810286115},
}

@article{han2019tke,
  title={TKE-Based Moist Eddy-Diffusivity Mass-Flux (EDMF) Parameterization for Vertical Turbulent Mixing},
  author={Han, Jongil and Bretherton, Christopher S},
  journal={Weather and Forecasting},
  volume={34},
  number={4},
  pages={869--886},
  year={2019},
  doi={10.1175/WAF-D-18-0146.1},
}
@article{Larson02a,
   author = {Larson, V. E. and Golaz, J. C. and Cotton, W. R.},
   title = {Small-Scale and Mesoscale Variability in Cloudy Boundary Layers: Joint Probability Density Functions},
   journal = {Journal of the Atmospheric Sciences},
   volume = {59},
   Number1 = {24},
   pages = {3519--3539},
   doi = {10.1175/1520-0469(2002)059$<$3519:SSAMVI$>$2.0.CO;2},
   year = {2002},
   type = {Journal Article}
}


@article{Guo15a,
   author = {Guo, H. and Golaz, J. C. and Donner, L. J. and Wyman, B. and Zhao, M. and Ginoux, P.},
   title = {CLUBB as a Unified Cloud Parameterization: Opportunities and Challenges},
   journal = {Geophysical Research Letters},
   volume = {42},
   Number1 = {11},
   pages = {4540--4547},
   ISSN = {0094-8276},
   doi = {10.1002/2015GL063672},
   year = {2015},
   type = {Journal Article}
}

@article{seeley2019formation,
  title={Formation of Tropical Anvil Clouds by Slow Evaporation},
  author={Seeley, Jacob T and Jeevanjee, Nadir and Langhans, Wolfgang and Romps, David M},
  journal={Geophysical Research Letters},
  volume={46},
  number={1},
  pages={492--501},
  year={2019},
  doi={10.1029/2018GL080747},
}

@article{neggers2002multiparcel,
  title={A Multiparcel Model for Shallow Cumulus Convection},
  author={R. A. J. Neggers and A. P. Siebesma  and  H. J. J. Jonker},
  journal={Journal of the Atmospheric Sciences},
  volume={59},
  number={10},
  pages={1655--1668},
  year={2002},
  doi={10.1175/1520-0469(2002)059<1655:AMMFSC>2.0.CO;2},
}

@article {deRooy13a,
author = {de Rooy, Wim C. and Bechtold, Peter and Fr{\"o}hlich, Kristina and Hohenegger, Cathy and Jonker, Harm and Mironov, Dmitrii and et al.},
title = {Entrainment and Detrainment in Cumulus Convection: An Overview},
journal = {Quarterly Journal of the Royal Meteorological Society},
volume = {139},
Number1 = {670},
doi = {10.1002/qj.1959},
pages = {1--19},
year = {2013},
}

@article{grabowski2006daytime,
  title={Daytime Convective Development Over Land: A Model Intercomparison Based on LBA Observations},
  author={Grabowski, WW and Bechtold, P and Cheng, A and Forbes, R and Halliwell, C and Khairoutdinov, M and and et al.},
  journal={Quarterly Journal of the Royal Meteorological Society},
  volume={132},
  number={615},
  pages={317--344},
  year={2006},
  doi={doi.org/10.1256/qj.04.147},
}

@article{Golaz02a,
  title={A PDF-Based Model for Boundary Layer Clouds. Part {I}: Method and Model Description},
  author={Golaz, Jean-Christophe and Larson, Vincent E and Cotton, William R},
  journal={Journal of the Atmospheric Sciences},
  volume={59},
  number={24},
  pages={3540--3551},
  year={2002},
  doi={10.1175/1520-0469(2002)059<3540:APBMFB>2.0.CO;2},
}

@article{yano2014formulation,
  title={Formulation structure of the mass-flux convection parameterization},
  author={Yano, Jun-Ichi},
  journal={Dynamics of Atmospheres and Oceans},
  volume={67},
  pages={1--28},
  year={2014},
  doi={0.1016/j.dynatmoce.2014.04.002},
}

@article{bechtold2008advances,
  title={Advances in Simulating Atmospheric Variability with the {ECMWF} Model: From Synoptic to Decadal Time-Scales},
  author={Bechtold, Peter and K{\"o}hler, Martin and Jung, Thomas and Doblas-Reyes, Francisco and Leutbecher, Martin and Rodwell, Mark J and Vitart, Frederic and Balsamo, Gianpaolo},
  journal={Quarterly Journal of the Royal Meteorological Society},
  volume={134},
  number={634},
  pages={1337--1351},
  year={2008},
  doi={10.1002/qj.289},
}

@article{Gerard15a,
author = {Luc Gerard},
title = {Bulk Mass-Flux Perturbation Formulation for a Unified Approach of Deep Convection at High Resolution},
journal = {Monthly Weather Review},
volume = {143},
Number1 = {10},
pages = {4038--4063},
year = {2015},
doi = {10.1175/MWR-D-15-0030.1},
}

@article{Arakawa74,
   author = {Arakawa, A. and Schubert, W. H.},
   title = {Interaction of a Cumulus Cloud Ensemble with Large-Scale Environment, Part {I}},
   journal = {Journal of the Atmospheric Sciences},
   volume = {31},
   Number1 = {3},
   pages = {674--701},
   DOI = {10.1175/1520-0469(1974)031$<$0674:IOACCE$>$2.0.CO;2},
   year = {1974},
}


@article{Witek11,
   author = {Witek, M. L. and Teixeira, J. and Matheou, G.},
   title = {An Integrated {TKE}-Based Eddy Diffusivity/Mass Flux Boundary Layer Closure for the Dry Convective Boundary Layer},
   journal = {Journal of the Atmospheric Sciences},
   volume = {68},
   number1 = {7},
   pages = {1526--1540},
   ISSN = {0022-4928},
   doi = {10.1175/2011JAS3548.1},
   Urll = {<Go to ISI>://WOS:000292634300010},
   year = {2011},
   type = {Journal Article}
}


@article{Witek11b,
	Author = {Marcin L. Witek and Joao Teixeira and Georgios Matheou},
	Doi = {10.1175/JAS-D-11-06.1},
	Eprint = {https://doi.org/10.1175/JAS-D-11-06.1},
	Journal = {Journal of the Atmospheric Sciences},
	Number1 = {10},
	Pages = {2385--2394},
	Title = {An Eddy Diffusivity--Mass Flux Approach to the Vertical Transport of Turbulent Kinetic Energy in Convective Boundary Layers},
	doi = {doi.org/10.1175/JAS-D-11-06.1},
	Volume = {68},
	Year = {2011},
}


@Article{Potty97,
author="Potty, K. V. J.
and Mohanty, U. C.
and Raman, S.",
title="Effect of three different boundary-layer parameterisations in a regional atmospheric model on the simulation of summer monsoon circulation",
journal="Boundary-Layer Meteorology.",
year="1997",
volume="84",
Number1="3",
pages="363--381",
issn="1573-1472",
doi="10.1023/A:1000402013655",
}

@article{dong2019attributing,
  title={Attributing Historical and Future Evolution of Radiative Feedbacks to Regional Warming Patterns Using a Green’s Function Approach: The Preeminence of the Western Pacific},
  author={Dong, Yue and Proistosescu, Cristian and Armour, Kyle C and Battisti, David S},
  journal={Journal of Climate},
  volume={32},
  number={17},
  pages={5471--5491},
  year={2019},
  doi={10.1175/JCLI-D-18-0843.1},
}

@inproceedings{cesana2018constraining,
  title={Constraining the models' response of tropical clouds to SST forcings using CALIPSO observations},
  author={Cesana, Gregory and Del Genio, Anthony D and Ackerman, Andrew},
  booktitle={Remote Sensing and Modeling of the Atmosphere, Oceans, and Interactions VII}},
  volume={10782},
  pages={107820A},
  year={2018},
  organization={International Society for Optics and Photonics}
}
@article{nam2012too,
  title={The ‘Too Few, Too Bright’ Tropical Low-Cloud Problem in {CMIP5} Models},
  author={Nam, Christine and Bony, Sandrine and Dufresne, J-L and Chepfer, H},
  journal={Geophysical Research Letters},
  volume={39},
  number={21},
  year={2012},
  doi={10.1029/2012GL053421},
}

@article{Kain1990,
  title={A One-Dimensional Entraining/Detraining Plume Model and Its Application in Convective Parameterization},
  author={Kain, John S and Fritsch, J Michael},
  journal={Journal of the Atmospheric Sciences},
  volume={47},
  number={23},
  pages={2784--2802},
  year={1990}, 
  doi={10.1175/1520-0469(1990)047<2784:AODEPM>2.0.CO;2},
}

@article{langhans2019optimization,
  title={Optimization of the Eddy-Diffusivity/Mass-Flux Shallow Cumulus and Boundary-Layer Parameterization Using Surrogate Models},
  author={Langhans, W and Mueller, J and Collins, William D},
  journal={Journal of Advances in Modeling Earth Systems},
  volume={11},
  number={2},
  pages={402--416},
  year={2019},
  doi={10.1029/2018MS001449},
}


@article{Lappen01b,
  title={Toward a Unified Parameterization of the Boundary Layer and Moist Convection. Part {II}: Lateral Mass Exchanges and Subplume-Scale Fluxes},
  author={Lappen, Cara-Lyn and Randall, David A},
  journal={Journal of the Atmospheric Sciences},
  volume={58},
  number={15},
  pages={2037--2051},
  year={2001}, 
  doi={10.1175/1520-0469(2001)058<2037:TAUPOT>2.0.CO;2},
} 

@article{Lappen01a,
  title={Toward a Unified Parameterization of the Boundary Layer and Moist Convection. Part {I}: A New Type of Mass-Flux Model},
  author={Lappen, Cara-Lyn and Randall, David A},
  journal={Journal of the Atmospheric Sciences},
  volume={58},
  number={15},
  pages={2021--2036},
  year={2001},
  doi={10.1175/1520-0469(2001)058<2037:TAUPOT>2.0.CO;2},
}
@article{Larson05a,
  title={Using Probability Density Functions to Derive Consistent Closure Relationships Among Higher-Order Moments},
  author={Larson, Vincent E and Golaz, Jean-Christophe},
  journal={Monthly Weather Review},
  volume={133},
  number={4},
  pages={1023--1042},
  year={2005}, 
  doi={10.1175/MWR2902.1},
}

@article{Larson12a,
  title={PDF Parameterization of Boundary Layer Clouds in Models with Horizontal Grid Spacings from 2 to 16 km},
  author={Larson, Vincent E and Schanen, David P and Wang, Minghuai and Ovchinnikov, Mikhail and Ghan, Steven},
  journal={Monthly Weather Review},
  volume={140},
  number={1},
  pages={285--306},
  year={2012},
  doi={10.1175/MWR-D-10-05059.1},
}
@article{Park14a,
  title={A unified convection scheme ({UNICON}). {P}art {I}: Formulation},
  author={Park, Sungsu},
  journal={Journal of the Atmospheric Sciences},
  volume={71},
  number={11},
  pages={3902--3930},
  year={2014},
  doi={10.1175/JAS-D-13-0233.1},
}

@article{gao2017sensitivity,
  title={Sensitivity of US Summer Precipitation to Model Resolution and Convective Parameterizations Across Gray Zone Resolutions},
  author={Gao, Yang and Leung, L Ruby and Zhao, Chun and Hagos, Samson},
  journal={Journal of Geophysical Research: Atmospheres},
  volume={122},
  number={5},
  pages={2714--2733},
  year={2017},
  doi={10.1002/2016JD025896},
}

@article{dirmeyer2012simulating,
  title={Simulating the Diurnal Cycle of Rainfall in Global Climate Models: Resolution Versus Parameterization},
  author={Dirmeyer, Paul A and Cash, Benjamin A and Kinter, James L and Jung, Thomas and Marx, Lawrence and Satoh, Masaki and Stan, Cristiana and Tomita, Hirofumi and Towers, Peter and Wedi, Nils and Achuthavarier, Deepthi and Adams, Jennifer M. and Altshuler, Eric L. and Huang, Bohua and Jin, Emilia K. and Manganello, Julia},
  journal={Climate Dynamics},
  volume={39},
  number={1-2},
  pages={399--418},
  year={2012},
  doi={10.1007/s00382-011-1127-9},
}

@article{lin2014stratocumulus,
  title={Stratocumulus clouds in southeastern pacific simulated by eight {CMIP5--CFMIP} global climate models},
  author={Lin, Jia-Lin and Qian, Taotao and Shinoda, Toshiaki},
  journal={Journal of Climate},
  volume={27},
  number={8},
  pages={3000--3022},
  year={2014},
  doi={10.1175/JCLI-D-13-00376.1},
}

@article{xie2019improved,
  title={Improved Diurnal Cycle of Precipitation in E3SM With a Revised Convective Triggering Function},
  author={Xie, Shaocheng and Wang, Yi-Chi and Lin, Wuyin and Ma, Hsi-Yen and Tang, Qi and Tang, Shuaiqi and Zheng, Xue and Golaz, Jean-Christophe and Zhang, Guang J and Zhang, Minghua},
  journal={Journal of Advances in Modeling Earth Systems},
  volume={11},
  number={7},
  pages={2290--2310},
  year={2019},
  doi={10.1029/2019MS001702},
}

@article{brient2019evaluating,
  title={Evaluating Marine Stratocumulus Clouds in the CNRM-CM6-1 Model Using Short-Term Hindcasts},
  author={Brient, Florent and Roehrig, Romain and Voldoire, Aurore},
  journal={Journal of Advances in Modeling Earth Systems},
  volume={11},
  number={1},
  pages={127--148},
  year={2019},
  doi={10.1029/2018MS001461},
}
@article{vanzanten2011controls,
  title={Controls on Precipitation and Cloudiness in Simulations of Trade-Wind Cumulus as Observed During RICO},
  author={VanZanten, Margreet C and Stevens, Bjorn and Nuijens, Louise and Siebesma, A Pier and Ackerman, AS and Burnet, F and Cheng, A and Couvreux, F and Jiang, H and Khairoutdinov, M and others},
  journal={Journal of Advances in Modeling Earth Systems},
  volume={3},
  number={2},
  year={2011},
  doi={10.1029/2011MS000056},
}


@article{kajikawa2016resolution,
  title={Resolution Dependence of Deep Convections in a Global Simulation from Over 10-Kilometer to Sub-Kilometer Grid Spacing},
  author={Kajikawa, Yoshiyuki and Miyamoto, Yoshiaki and Yoshida, Ryuji and Yamaura, Tsuyoshi and Yashiro, Hisashi and Tomita, Hirofumi},
  journal={Progress in Earth and Planetary Science},
  volume={3},
  number={1},
  pages={16},
  year={2016},
  doi={10.1186/s40645-016-0094-5},
}


@article{schneider2019possible,
  title={Possible Climate Transitions from Breakup of Stratocumulus Decks Under Greenhouse Warming},
  author={Schneider, Tapio and Kaul, Colleen M and Pressel, Kyle G},
  journal={Nature Geoscience},
  volume={12},
  number={3},
  pages={163},
  year={2019},
  doi={10.1038/s41561-019-0310-1},
}

@article{pressel2017numerics,
  title={Numerics and Subgrid-Scale Modeling in Large Eddy Simulations of Stratocumulus Clouds},
  author={Pressel, Kyle G and Mishra, Siddhartha and Schneider, Tapio and Kaul, Colleen M and Tan, Zhihong},
  journal={Journal of Advances in Modeling Earth Systems},
  volume={9},
  number={2},
  pages={1342--1365},
  year={2017},
  doi={10.1002/2016MS000778},
}

@article{stevens2005evaluation,
  title={Evaluation of Large-Eddy Simulations via Observations of Nocturnal Marine Stratocumulus},
  author={Stevens, Bjorn and Moeng, Chin-Hoh and Ackerman, Andrew S and Bretherton, Christopher S and Chlond, Andreas and de Roode, Stephan and  et al.},
  journal={Monthly Weather Review},
  volume={133},
  number={6},
  pages={1443--1462},
  year={2005},
  doi={10.1175/MWR2930.1},
}
@article{stevens2003dynamics,
  title={Dynamics and Chemistry of Marine Stratocumulus—DYCOMS-II},
  author={Stevens, Bjorn and Lenschow, Donald H and Vali, Gabor and Gerber, Hermann and Bandy, A and Blomquist, B and Brenguier, J-L and Bretherton, CS and Burnet, F and Campos, Teresa and others},
  journal={Bulletin of the American Meteorological Society},
  volume={84},
  number={5},
  pages={579--594},
  year={2003},
  doi={10.1175/BAMS-84-5-579},
}

@article{shen2020statistically,
  title={Statistically Steady State Large-Eddy Simulations Forced by an Idealized GCM: 1. Forcing Framework and Simulation Characteristics},
  author={Shen, Zhaoyi and Pressel, Kyle G and Tan, Zhihong and Schneider, Tapio},
  journal={Journal of Advances in Modeling Earth Systems},
  volume={12},
  number={2},
  pages={e2019MS001814},
  year={2020},
  doi={https://doi.org/10.1029/2019MS001814},
}

@article{Lopez-Gomez2020Statistically,
  title={A generalized mixing length closure for eddy-diffusivity mass-flux schemes of turbulence and convection},
  author={Lopez-Gomez, Ignacio, and Cohen, Yair and He, Jia and Jaruga, Anna and Schneider, Tapio},
  year={2020},
  journal = {Preprint on https://essoar.org},
DOI = {10.1002/essoar.10502906.1},
}

@article{cohen_2020,
author = {Cohen, Yair and Lopez-Gomez, Ignacio and Jaruga, Anna and He, Jia and Kaul, Colleen and Schneider, Tapio},
title = {Unified entrainment and detrainment closures for extended eddy-diffusivity mass-flux schemes},
year = {2020},
journal = {Preprint on https://essoar.org},
DOI = {10.1002/TBDTBD}, }

@article{Park14b,
  title={A Unified Convection Scheme ({UNICON}). {P}art {II}: Simulation},
  author={Park, Sungsu},
  journal={Journal of the Atmospheric Sciences},
  volume={71},
  number={11},
  pages={3931--3973},
  year={2014}, 
  doi={10.1175/JAS-D-13-0234.1},
}

@article{Pauluis08a,
  title={Thermodynamic Consistency of the Anelastic Approximation for a Moist Atmosphere},
  author={Pauluis, Olivier},
  journal={Journal of the Atmospheric Sciences},
  volume={65},
  number={8},
  pages={2719--2729},
  year={2008}, 
  doi={10.1175/2007JAS2475.1},
}

@article{Pressel15a,
  title={Large-Eddy Simulation in an Anelastic Framework with Closed Water and Entropy Balances},
  author={Pressel, Kyle G and Kaul, Colleen M and Schneider, Tapio and Tan, Zhihong and Mishra, Siddhartha},
  journal={Journal of Advances in Modeling Earth Systems},
  volume={7},
  number={3},
  pages={1425--1456},
  year={2015},
  doi={10.1002/2015MS000496.},
}

@article{Siebesma95a,
  title={Evaluation of Parametric Assumptions for Shallow Cumulus Convection},
  author={Siebesma, AP and Cuijpers, JWM},
  journal={Journal of the Atmospheric Sciences},
  volume={52},
  number={6},
  pages={650--666},
  year={1995},
  doi={10.1175/1520-0469(1995)052<0650:EOPAFS>2.0.CO;2},
}

@article{Siebesma03a,
  title={A Large Eddy Simulation Intercomparison Study of Shallow Cumulus Convection},
  author={Siebesma, A Pier and Bretherton, Christopher S and Brown, Andrew and Chlond, Andreas and Cuxart, Joan and Duynkerke, Peter G and Jiang, Hongli and et al.},
  journal={Journal of the Atmospheric Sciences},
  volume={60},
  number={10},
  pages={1201--1219},
  year={2003},
  doi={10.1175/1520-0469(2003)60<1201:ALESIS>2.0.CO;2},
}

@article{mcintyre2019numerical,
  title={Numerical Methods for Entrainment and Detrainment in the Multi-Fluid Euler Equations for Convection},
  author={McIntyre, William A and Weller, Hilary and Holloway, Christopher E},
  journal={Quarterly Journal of the Royal Meteorological Society},
  year={2019},
  doi={10.1002/qj.3728},
}

@article{Mellor73,
   author = {Mellor, G. L.},
   title = {Analytic Prediction of Properties of Stratified Planetary Surface-Layers},
   journal = {Journal of the Atmospheric Sciences},
   volume = {30},
   number1 = {6},
   pages = {1061--1069},
   doi = {10.1175/1520-0469(1973)030$<$1061:APOTPO$>$2.0.CO;2},
   year = {1973},
   type = {Journal Article}
}

@article{Mellor74,
   author = {Mellor, G. L. and Yamada, T.},
   title = {A Hierarchy of Turbulence Closure Models for Planetary Boundary-Layers},
   journal = {Journal of the Atmospheric Sciences},
   volume = {31},
   number1 = {7},
   pages = {1791--1806},
   doi = {10.1175/1520-0469(1974)031$<$1791:AHOTCM$>$2.0.CO;2},
   year = {1974},
   type = {Journal Article}
}

@article{Mellor82,
   author = {Mellor, G. L. and Yamada, T.},
   title = {Development of a Turbulence Closure-Model for Geophysical Fluid Problems},
   journal = {Reviews of Geophysics},
   volume = {20},
   number1 = {4},
   pages = {851--875},
   ISSN = {8755-1209},
   doi = {10.1029/RG020i004p00851},
   year = {1982},
   type = {Journal Article}
}


@article{Galperin88,
   author = {Galperin, B. and Kantha, L. H. and Hassid, S. and Rosati, A.},
   title = {A Quasi-Equilibrium Turbulent Energy-Model for Geophysical Flows},
   journal = {Journal of the Atmospheric Sciences},
   volume = {45},
   number1 = {1},
   pages = {55--62},
   doi = {10.1175/1520-0469(1988)045$<$0055:AQETEM$>$2.0.CO;2},
   year = {1988},
   type = {Journal Article}
}

@article{Grenier01,
   author = {Grenier, H. and Bretherton, C. S.},
   title = {A Moist {PBL} Parameterization for Large-Scale Models and its Application to Subtropical Cloud-Topped Marine Boundary Layers},
   journal = {Monthly Weather Review},
   volume = {129},
   number1 = {3},
   pages = {357--377},
   doi = {10.1175/1520-0493(2001)129$<$0357:AMPPFL$>$2.0.CO;2},
   year = {2001},
   type = {Journal Article},
}

@article{suvselj2012eddy,
  title={Eddy Diffusivity/Mass Flux and Shallow Cumulus Boundary Layer: An Updraft PDF Multiple Mass Flux Scheme},
  author={Su{\v{s}}elj, Kay and Teixeira, Jo{\~a}o and Matheou, Georgios},
  journal={Journal of the Atmospheric Sciences},
  volume={69},
  number={5},
  pages={1513--1533},
  year={2012},
  doi={10.1175/JAS-D-11-090.1},
}

@article{guichard2004modelling,
  title={Modelling the Diurnal Cycle of Deep Precipitating Convection Over Land with Cloud-Resolving models and Single-Column Models},
  author={Guichard, Francoise and Petch, JC and Redelsperger, J-L and Bechtold, P and Chaboureau, J-P and Cheinet, S and Grabowski, W and Grenier, H and Jones, CG and K{\"o}hler, M and others},
  journal={Quarterly Journal of the Royal Meteorological Society},
  volume={130},
  number={604},
  pages={3139--3172},
  year={2004},
  doi={10.1256/qj.03.145},
}

@article{suselj2019unified,
  title={A Unified Eddy-Diffusivity/Mass-Flux Approach for Modeling Atmospheric Convection},
  author={Suselj, Kay and Kurowski, Marcin J. and Teixeira, Joao},
  journal={Journal of the Atmospheric Sciences},
  volume={76},
  number={8},
  pages={2505--2537},
  year={2019},
  doi={10.1175/JAS-D-18-0239.1},
}

@article{teixeira2011tropical,
  title={Tropical and Subtropical Cloud Transitions in Weather and Climate Prediction Models: The {GCSS/WGNE} Pacific Cross-Section Intercomparison ({GPCI})},
  author={Teixeira, J and Cardoso, Sambingo and Bonazzola, Marine and Cole, Jason and DelGenio, Anthony and DeMott, Charlotte and et al.},
  journal={Journal of Climate},
  volume={24},
  number={20},
  pages={5223--5256},
  year={2011},
  doi={/10.1175/2011JCLI3672.1},
}

@article{rio2019ongoing,
  title={Ongoing Breakthroughs in Convective Parameterization},
  author={Rio, Catherine and Del Genio, Anthony D and Hourdin, Fr{\'e}d{\'e}ric},
  journal={Current Climate Change Reports},
  volume={5},
  number={2},
  pages={95--111},
  year={2019},
  doi={/10.1007/s40641-019-00127-w},
}


@article{thuburn2019two,
  title={A Two-Fluid Single-Column Model of the Dry, Shear-Free, Convective Boundary Layer},
  author={Thuburn, John and Efstathiou, Georgios A and Beare, Robert J},
  journal={Quarterly Journal of the Royal Meteorological Society},
  volume={145},
  number={721},
  pages={1535--1550},
  year={2019},
  doi={/10.1002/qj.3510},
}

@article{hirota2014role,
  title={Role of Convective Entrainment in Spatial Distributions of and Temporal Variations in Precipitation Over Tropical Oceans},
  author={Hirota, Nagio and Takayabu, Yukari N and Watanabe, Masahiro and Kimoto, Masahide and Chikira, Minoru},
  journal={Journal of Climate},
  volume={27},
  number={23},
  pages={8707--8723},
  year={2014},
  doi={/10.1175/JCLI-D-13-00701.1},
}

@article{mckim2020buoyancy,
  title={Buoyancy-driven Entrainment in Dry Thermals},
  author={McKim, Brett and Jeevanjee, Nadir and Lecoanet, Daniel},
  journal={Quarterly Journal of the Royal Meteorological Society},
  volume={146},
  number={726},
  pages={415--425},
  year={2020},
  doi={10.1002/qj.3683},
}

@article{brown2002large,
  title={Large-Eddy Simulation of the Diurnal Cycle of Shallow Cumulus Convection Over Land},
  author={Brown, AR and Cederwall, RT and Chlond, A and Duynkerke, PG and Golaz, J-C and Khairoutdinov, M and Lewellen, DC and Lock, AP and MacVean, MK and Moeng, C-H and others},
  journal={Quarterly Journal of the Royal Meteorological Society},
  volume={128},
  number={582},
  pages={1075--1093},
  year={2002},
  doi={https://doi.org/10.1256/003590002320373210},
}

@article{Turner63a, 
	title={The Motion of Buoyant Elements in Turbulent Surroundings},
    volume={16}, 
    number1={1}, 
    journal={Journal of Fluid Mechanics.}, 
    doi={10.1017/S0022112063000549},
    author={Turner, J. S.}, 
    year={1963}, 
    pages={1-–16}}

@article{Bony05a,
  title={Marine Boundary Layer Clouds at the Heart of Tropical Cloud Feedback Uncertainties in Climate Models},
  author={Bony, Sandrine and Dufresne, Jean-Louis},
  journal={Geophysical Research Letters},
  volume={32},
  number={20},
  year={2005},
  doi={10.1029/2005GL023851},
}

@article{Bretherton04,
  title={A New Parameterization for Shallow Cumulus Convection and its Application to Marine Subtropical Cloud-Topped Boundary Layers. Part I: Description and 1D Results},
  author={Bretherton, Christopher S and McCaa, James R and Grenier, Herv{\'e}},
  journal={Monthly Weather Review},
  volume={132},
  number={4},
  pages={864--882},
  year={2004},
  doi={/10.1175/1520-0493(2004)132<0864:ANPFSC>2.0.CO;2},
}

@article{couvreux2010resolved,
  title={Resolved Versus Parametrized Boundary-Layer Plumes. Part I: A Parametrization-Oriented Conditional Sampling in Large-Eddy Simulations},
  author={Couvreux, F and Hourdin, F and Rio, C},
  journal={Boundary-Layer Meteorology},
  volume={134},
  number={3},
  pages={441--458},
  year={2010},
  doi={10.1007/s10546-009-9456-5}
}

@article{Fureby1997,
  title={Mathematical and Physical Constraints on Large-Eddy Simulations},
  author={Fureby, C and Tabor, G},
  journal={Theoretical and Computational Fluid Dynamics},
  volume={9},
  number={2},
  pages={85--102},
  year={1997},
  doi={10.1007/s001620050034},
}