@article{anderegg2015pervasive,
	author = {Anderegg, William RL and Schwalm, Christopher and Biondi, Franco and Camarero, Jesus Julio and Koch, George and Litvak, Marcy and Ogle, Kiona and Shaw, John D and Shevliakova, E and Williams, AP and others},
	journal = {{Science}},
	number = {6247},
	pages = {528--532},
	publisher = {American Association for the Advancement of Science},
	title = {Pervasive drought legacies in forest ecosystems and their implications for carbon cycle models},
	volume = {349},
	year = {2015}
}

@article{anderegg2018woody,
	author = {Anderegg, William RL and Wolf, Adam and Arango-Velez, Adriana and Choat, Brendan and Chmura, Daniel J and Jansen, Steven and Kolb, Thomas and Li, Shan and Meinzer, Frederick C and Pita, Pilar and others},
	journal = {Ecology Letters},
	number = {7},
	pages = {968--977},
	publisher = {Wiley Online Library},
	title = {Woody plants optimise stomatal behaviour relative to hydraulic risk},
	volume = {21},
	year = {2018}
}

@article{bartlett2012determinants,
	author = {Bartlett, Megan K and Scoffoni, Christine and Sack, Lawren},
	journal = {Ecology letters},
	number = {5},
	pages = {393--405},
	publisher = {Wiley Online Library},
	title = {The determinants of leaf turgor loss point and prediction of drought tolerance of species and biomes: a global meta-analysis},
	volume = {15},
	year = {2012}
}

@article{brooks1964hydraulic,
	author = {Brooks, Royal Harvard and Corey, Arthur Thomas},
	journal = {Hydrology papers (Colorado State University); no. 3},
	publisher = {Colorado State University. Libraries},
	title = {Hydraulic properties of porous media},
	year = {1964}
}

@article{buckley2017sites,
	author = {Buckley, Thomas N. and John, Grace P. and Scoffoni, Christine and Sack, Lawren},
	journal = {Plant Physiology},
	number = {3},
	pages = {1763--1782},
	publisher = {Am Soc Plant Biol},
	title = {The sites of evaporation within leaves},
	volume = {173},
	year = {2017}
}

@article{buckley2015does,
	author = {Buckley, Thomas N. and John, Grace P. and Scoffoni, Christine and Sack, Lawren},
	journal = {Plant Physiology},
	number = {4},
	pages = {1616--1635},
	publisher = {Am Soc Plant Biol},
	title = {How does leaf anatomy influence water transport outside the xylem?},
	volume = {168},
	year = {2015}
}

@article{cai2014recalcitrant,
	author = {Cai, Jing and Li, Shan and Zhang, Haixin and Zhang, Shuoxin and Tyree, Melvin T.},
	journal = {Plant, Cell \& Environment},
	number = {1},
	pages = {35--44},
	publisher = {Wiley Online Library},
	title = {Recalcitrant vulnerability curves: {M}ethods of analysis and the concept of fibre bridges for enhanced cavitation resistance},
	volume = {37},
	year = {2014}
}

@article{ding2014pressure,
	author = {Ding, Yiting and Zhang, Yanxiang and Zheng, Quan-Shui and Tyree, Melvin T},
	journal = {New Phytologist},
	number = {2},
	pages = {378--387},
	publisher = {Wiley Online Library},
	title = {Pressure--volume curves: revisiting the impact of negative turgor during cell collapse by literature review and simulations of cell micromechanics},
	volume = {203},
	year = {2014}
}

@article{eller2018modelling,
	author = {Eller, Cleiton B. and Rowland, Lucy and Oliveira, Rafael S. and Bittencourt, Paulo R. L. and Barros, Fernanda V. and da Costa, Antonio C. L. and Meir, Patrick and Friend, Andrew D. and Mencuccini, Maurizio and Sitch, Stephen and Cox, Peter},
	journal = {Philosophical Transactions of the Royal Society B: Biological Sciences},
	number = {1760},
	pages = {20170315},
	publisher = {The Royal Society},
	title = {Modelling tropical forest responses to drought and {El Ni{\~n}o} with a stomatal optimization model based on xylem hydraulics},
	volume = {373},
	year = {2018}
}

@article{eller2020stomatal,
	author = {Eller, Cleiton B and Rowland, Lucy and Mencuccini, Maurizio and Rosas, Teresa and Williams, Karina and Harper, Anna and Medlyn, Belinda E and Wagner, Yael and Klein, Tamir and Teodoro, Grazielle S and others},
	journal = {New Phytologist},
	number = {6},
	pages = {1622--1637},
	publisher = {Wiley Online Library},
	title = {Stomatal optimization based on xylem hydraulics (SOX) improves land surface model simulation of vegetation responses to climate},
	volume = {226},
	year = {2020}
}

@article{feng2015investigations,
  title={Investigations concerning cavitation and frost fatigue in clonal 84K poplar using high-resolution cavitron measurements},
  author={Feng, Feng and Ding, Fei and Tyree, Melvin T},
  journal={Plant Physiology},
  volume={168},
  number={1},
  pages={144--155},
  year={2015},
  publisher={Am Soc Plant Biol}
}

@article{hartmann2013thirst,
	author = {Hartmann, Henrik and Ziegler, Waldemar and Kolle, Olaf and Trumbore, Susan},
	journal = {New Phytologist},
	number = {2},
	pages = {340--349},
	publisher = {Wiley Online Library},
	title = {Thirst beats hunger--declining hydration during drought prevents carbon starvation in {Norway} spruce saplings},
	volume = {200},
	year = {2013}
}

@article{hartmann2015research,
	author = {Hartmann, Henrik and Adams, Henry D. and Anderegg, William R. L. and Jansen, Steven and Zeppel, Melanie J. B.},
	journal = {New Phytologist},
	number = {3},
	pages = {965--969},
	publisher = {Wiley Online Library},
	title = {Research frontiers in drought-induced tree mortality: {Crossing} scales and disciplines},
	volume = {205},
	year = {2015}
}

@book{ipcc2014climate,
	abstract = {Pachauri, Rajendra K and Allen, Myles R and Barros, Vicente R and Broome, John and Cramer, Wolfgang and Christ, Renate and Church, John A and Clarke, Leon and Dahe, Qin and Dasgupta, Purnamita and others},
	author = {IPCC},
	editor = {{Core Writing Team} and Pachauri, R. K. and Meyer, L. A.},
	publisher = {IPCC, Geneva, Switzerland},
	title = {Climate change 2014: Synthesis report. Contribution of working groups I, II and III to the fifth assessment report of the Intergovernmental Panel on Climate Change},
	year = {2014}
}

@article{kennedy2019implementing,
	author = {Kennedy, Daniel and Swenson, Sean and Oleson, Keith W and Lawrence, David M and Fisher, Rosie and {Lola da Costa}, Antonio Carlos and Gentine, Pierre},
	journal = {Journal of Advances in Modeling Earth Systems},
	number = {2},
	pages = {485--513},
	publisher = {Wiley Online Library},
	title = {Implementing plant hydraulics in the community land model, version 5},
	volume = {11},
	year = {2019}
}

@article{love2019dependence,
	author = {Love, D. M. and Venturas, M. D. and Sperry, J. S. and Brooks, P. D. and Pettit, Joseph L. and Wang, Yujie and Anderegg, W. R. L. and Tai, X. and Mackay, D. S.},
	journal = {Water Resources Research},
	number = {3},
	pages = {1833--1848},
	publisher = {Wiley Online Library},
	title = {Dependence of aspen stands on a subsurface water subsidy: {Implications} for climate change impacts},
	volume = {55},
	year = {2019}
}

@article{mackay2015interdependence,
	author = {Mackay, D. Scott and Roberts, David E. and Ewers, Brent E. and Sperry, John S. and McDowell, Nathan G. and Pockman, William T.},
	groups = {Drought},
	journal = {Water Resources Research},
	number = {8},
	pages = {6156--6176},
	publisher = {Wiley Online Library},
	title = {Interdependence of chronic hydraulic dysfunction and canopy processes can improve integrated models of tree response to drought},
	volume = {51},
	year = {2015}
}

@article{petrova2014revised,
	author = {Petrova, T and Dooley, RB},
	journal = {Proceedings of the International Association for the Properties of Water and Steam, Moscow, Russia},
	pages = {23--27},
	title = {Revised release on surface tension of ordinary water substance},
	year = {2014}
}

@article{sabot2020plant,
	author = {Sabot, Manon EB and {De Kauwe}, Martin G and Pitman, Andy J and Medlyn, Belinda E and Verhoef, Anne and Ukkola, Anna M and Abramowitz, Gab},
	journal = {New Phytologist},
	number = {6},
	pages = {1638--1655},
	publisher = {Wiley Online Library},
	title = {Plant profit maximization improves predictions of European forest responses to drought},
	volume = {226},
	year = {2020}
}

@article{scoffoni2017outside,
	author = {Scoffoni, Christine and Albuquerque, Caetano and Brodersen, Craig R. and Townes, Shatara V. and John, Grace P. and Bartlett, Megan K. and Buckley, Thomas N. and McElrone, Andrew J. and Sack, Lawren},
	journal = {Plant Physiology},
	number = {2},
	pages = {1197--1210},
	publisher = {Am Soc Plant Biol},
	title = {Outside-xylem vulnerability, not xylem embolism, controls leaf hydraulic decline during dehydration},
	volume = {173},
	year = {2017}
}

@article{sperry1988mechanism,
	author = {Sperry, John S. and Tyree, Melvin T.},
	groups = {Cavitation and Embolism},
	journal = {Plant Physiology},
	number = {3},
	pages = {581--587},
	publisher = {Am Soc Plant Biol},
	title = {Mechanism of water stress-induced xylem embolism},
	volume = {88},
	year = {1988}
}

@article{sperry1998limitation,
	author = {Sperry, John S. and Adler, F. R. and Campbell, G. S. and Comstock, J. P.},
	journal = {Plant, Cell \& Environment},
	number = {4},
	pages = {347--359},
	publisher = {Wiley Online Library},
	title = {Limitation of plant water use by rhizosphere and xylem conductance: {Results} from a model},
	volume = {21},
	year = {1998}
}

@article{sperry2015plant,
	author = {Sperry, John S. and Love, David M.},
	groups = {Drought, Gas Exchange},
	journal = {New Phytologist},
	number = {1},
	pages = {14--27},
	publisher = {Wiley Online Library},
	title = {What plant hydraulics can tell us about responses to climate-change droughts},
	volume = {207},
	year = {2015}
}

@article{sperry2016pragmatic,
	author = {Sperry, John S. and Wang, Yujie and Wolfe, Brett T. and Mackay, D. Scott and Anderegg, William R. L. and McDowell, Nate G. and Pockman, William T.},
	journal = {New Phytologist},
	number = {3},
	pages = {577--589},
	publisher = {Wiley Online Library},
	title = {Pragmatic hydraulic theory predicts stomatal responses to climatic water deficits},
	volume = {212},
	year = {2016}
}

@article{sperry2017predicting,
	author = {Sperry, John S. and Venturas, Martin D. and Anderegg, William R. L. and Mencuccini, Maurizio and Mackay, D. Scott and Wang, Yujie and Love, David M.},
	journal = {Plant, Cell \& Environment},
	number = {6},
	pages = {816--830},
	publisher = {Wiley Online Library},
	title = {Predicting stomatal responses to the environment from the optimization of photosynthetic gain and hydraulic cost},
	volume = {40},
	year = {2017}
}

@article{sperry2019impact,
	author = {Sperry, John S. and Venturas, Martin D. and Todd, Henry N. and Trugman, Anna T. and Anderegg, William R. L. and Wang, Yujie and Tai, Xiaonan},
	journal = {Proceedings of the National Academy of Sciences},
	number = {51},
	pages = {25734--25744},
	title = {The impact of rising {CO}$_{2}$ and acclimation on the response of {US} forests to global warming},
	volume = {116},
	year = {2019}
}

@article{tyree1972measurement,
	author = {Tyree, MT and Hammel, HT},
	journal = {Journal of experimental Botany},
	number = {1},
	pages = {267--282},
	publisher = {Oxford University Press},
	title = {The measurement of the turgor pressure and the water relations of plants by the pressure-bomb technique},
	volume = {23},
	year = {1972}
}

@article{tyree1991hydraulic,
	author = {Tyree, Melvin T and Ewers, Frank W},
	journal = {New Phytologist},
	number = {3},
	pages = {345--360},
	publisher = {Wiley Online Library},
	title = {The hydraulic architecture of trees and other woody plants},
	volume = {119},
	year = {1991}
}

@article{van1980closed,
	author = {{Van Genuchten}, M Th},
	journal = {Soil science society of America journal},
	number = {5},
	pages = {892--898},
	publisher = {Wiley Online Library},
	title = {A closed-form equation for predicting the hydraulic conductivity of unsaturated soils},
	volume = {44},
	year = {1980}
}

@article{venturas2018stomatal,
	author = {Venturas, Martin D. and Sperry, John S. and Love, David M. and Frehner, Ethan H. and Allred, Michael G. and Wang, Yujie and Anderegg, William R. L.},
	journal = {New Phytologist},
	number = {3},
	pages = {836--850},
	publisher = {Wiley Online Library},
	title = {A stomatal control model based on optimization of carbon gain versus hydraulic risk predicts aspen sapling responses to drought},
	volume = {220},
	year = {2018}
}

@article{wang2019stomatal,
	author = {Wang, Yujie and Sperry, John S. and Venturas, Martin D. and Trugman, Anna T. and Love, David M. and Anderegg, William R. L.},
	journal = {Tree Physiology},
	pages = {1416--1427},
	title = {The stomatal response to rising {CO}$_{2}$ concentration and drought is predicted by a hydraulic trait-based optimization model},
	volume = {39},
	year = {2019}
}

@article{wang2020theoretical,
	author = {Wang, Yujie and Sperry, John S. and Anderegg, William R. L. and Venturas, Martin D. and Trugman, Anna T.},
	doi = {10.1111/nph.16572},
	journal = {New Phytologist},
	pages = {311--325},
	title = {A theoretical and empirical assessment of stomatal optimization modeling},
	volume = {227},
	year = {2020}
}

@article{wolf2016optimal,
	author = {Wolf, Adam and Anderegg, William R. L. and Pacala, Stephen W.},
	journal = {Proceedings of the National Academy of Sciences},
	number = {46},
	pages = {E7222--E7230},
	publisher = {National Acad Sciences},
	title = {Optimal stomatal behavior with competition for water and risk of hydraulic impairment},
	volume = {113},
	year = {2016}
}

@article{xu2016diversity,
	author = {Xu, Xiangtao and Medvigy, David and Powers, Jennifer S. and Becknell, Justin M. and Guan, Kaiyu},
	journal = {New Phytologist},
	number = {1},
	pages = {80--95},
	publisher = {Wiley Online Library},
	title = {Diversity in plant hydraulic traits explains seasonal and inter-annual variations of vegetation dynamics in seasonally dry tropical forests},
	volume = {212},
	year = {2016}
}

@book{reid1987properties,
	author = {Reid, Robert C and Prausnitz, John M and Poling, Bruce E},
	publisher = {McGraw Hill Book Co., New York, NY},
	title = {The properties of gases and liquids},
	year = {1987}
}